%%%%%%%%%%%%%%%%%%%%%%%%%%%%%%%%%%%%%%%%%%%%%%%%%%%%%%%%%%%%%%%%%%%%%%%%%%%%%%%%%%%%%%%%%
% SECTION BIBLIOGRAPHY % 
%%%%%%%%%%%%%%%%%%%%%%%%%%%%%%%%%%%%%%%%%%%%%%%%%%%%%%%%%%%%%%%%%%%%%%%%%%%%%%%%%%%%%%%%%i

\begin{thebibliography}{9}

@ARTICLE{bohm,
   author = {{B{\"o}hm-Vitense}, E.},
    title = "{{\"U}ber die Wasserstoffkonvektionszone in Sternen verschiedener Effektivtemperaturen und Leuchtkr{\"a}fte. Mit 5 Textabbildungen}",
  journal = {\zap},
     year = 1958,
   volume = 46,
    pages = {108},
   adsurl = {http://adsabs.harvard.edu/abs/1958ZA.....46..108B},
  adsnote = {Provided by the SAO/NASA Astrophysics Data System}
}

@ARTICLE{arnett2015,
   author = {{Arnett}, W.~D. and {Meakin}, C. and {Viallet}, M. and {Campbell}, S.~W. and 
	{Lattanzio}, J.~C. and {Moc{\'a}k}, M.},
    title = "{Beyond Mixing-length Theory: A Step Toward 321D}",
  journal = {\apj},
archivePrefix = "arXiv",
   eprint = {1503.00342},
 primaryClass = "astro-ph.SR",
 keywords = {convection, stars: evolution, stars: oscillations, supernovae: general, turbulence},
     year = 2015,
    month = aug,
   volume = 809,
      eid = {30},
    pages = {30},
      doi = {10.1088/0004-637X/809/1/30},
   adsurl = {http://adsabs.harvard.edu/abs/2015ApJ...809...30A},
  adsnote = {Provided by the SAO/NASA Astrophysics Data System}
}

@ARTICLE{arnett2009,
   author = {{Arnett}, D. and {Meakin}, C. and {Young}, P.~A.},
    title = "{Turbulent Convection in Stellar Interiors. II. The Velocity Field}",
  journal = {\apj},
archivePrefix = "arXiv",
   eprint = {0809.1625},
 keywords = {convection, hydrodynamics, stars: evolution, turbulence},
     year = 2009,
    month = jan,
   volume = 690,
    pages = {1715-1729},
      doi = {10.1088/0004-637X/690/2/1715},
   adsurl = {http://adsabs.harvard.edu/abs/2009ApJ...690.1715A},
  adsnote = {Provided by the SAO/NASA Astrophysics Data System}
}

@ARTICLE{viallet2013,
   author = {{Viallet}, M. and {Meakin}, C. and {Arnett}, D. and {Moc{\'a}k}, M.},
    title = "{Turbulent Convection in Stellar Interiors. III. Mean-field Analysis and Stratification Effects}",
  journal = {\apj},
archivePrefix = "arXiv",
   eprint = {1212.6365},
 primaryClass = "astro-ph.SR",
 keywords = {convection, hydrodynamics, stars: evolution, stars: interiors, turbulence},
     year = 2013,
    month = may,
   volume = 769,
      eid = {1},
    pages = {1},
      doi = {10.1088/0004-637X/769/1/1},
   adsurl = {http://adsabs.harvard.edu/abs/2013ApJ...769....1V},
  adsnote = {Provided by the SAO/NASA Astrophysics Data System}
}

@ARTICLE{viallet2015,
   author = {{Viallet}, M. and {Meakin}, C. and {Prat}, V. and {Arnett}, D.
	},
    title = "{Toward a consistent use of overshooting parametrizations in 1D stellar evolution codes}",
  journal = {\aap},
archivePrefix = "arXiv",
   eprint = {1506.03100},
 primaryClass = "astro-ph.SR",
 keywords = {stars: evolution, stars: interiors, hydrodynamics, convection, turbulence},
     year = 2015,
    month = aug,
   volume = 580,
      eid = {A61},
    pages = {A61},
      doi = {10.1051/0004-6361/201526294},
   adsurl = {http://adsabs.harvard.edu/abs/2015A%26A...580A..61V},
  adsnote = {Provided by the SAO/NASA Astrophysics Data System}
}

@ARTICLE{cristini,
   author = {{Cristini}, A. and {Meakin}, C. and {Hirschi}, R. and {Arnett}, D. and 
	{Georgy}, C. and {Viallet}, M.},
    title = "{3D Hydrodynamic Simulations of Carbon Burning in Massive Stars}",
  journal = {ArXiv e-prints},
archivePrefix = "arXiv",
   eprint = {1610.05173},
 primaryClass = "astro-ph.SR",
 keywords = {Astrophysics - Solar and Stellar Astrophysics, Physics - Computational Physics, Physics - Fluid Dynamics},
     year = 2016,
    month = oct,
   adsurl = {http://adsabs.harvard.edu/abs/2016arXiv161005173C},
  adsnote = {Provided by the SAO/NASA Astrophysics Data System}
}

@ARTICLE{martins,
   author = {{Martins}, F. and {Palacios}, A.},
    title = "{A comparison of evolutionary tracks for single Galactic massive stars}",
  journal = {\aap},
archivePrefix = "arXiv",
   eprint = {1310.7218},
 primaryClass = "astro-ph.SR",
 keywords = {stars: massive, stars: evolution},
     year = 2013,
    month = dec,
   volume = 560,
      eid = {A16},
    pages = {A16},
      doi = {10.1051/0004-6361/201322480},
   adsurl = {http://adsabs.harvard.edu/abs/2013A%26A...560A..16M},
  adsnote = {Provided by the SAO/NASA Astrophysics Data System}
}

@ARTICLE{woodward,
   author = {{Woodward}, P.~R. and {Herwig}, F. and {Lin}, P.-H.},
    title = "{Hydrodynamic Simulations of H Entrainment at the Top of He-shell Flash Convection}",
  journal = {\apj},
 keywords = {convection, hydrodynamics, stars: AGB and post-AGB, stars: evolution, stars: interior, turbulence},
     year = 2015,
    month = jan,
   volume = 798,
      eid = {49},
    pages = {49},
      doi = {10.1088/0004-637X/798/1/49},
   adsurl = {http://adsabs.harvard.edu/abs/2015ApJ...798...49W},
  adsnote = {Provided by the SAO/NASA Astrophysics Data System}
}


@ARTICLE{meakin,
   author = {{Meakin}, C.~A. and {Arnett}, D.},
    title = "{Turbulent Convection in Stellar Interiors. I. Hydrodynamic Simulation}",
  journal = {\apj},
   eprint = {astro-ph/0611315},
 keywords = {Hydrodynamics, Instabilities, Nuclear Reactions, Nucleosynthesis, Abundances, Stars: Evolution, Stars: General, Stars: Interiors, Stars: Supernovae: General, Turbulence, Waves},
     year = 2007,
    month = sep,
   volume = 667,
    pages = {448-475},
      doi = {10.1086/520318},
   adsurl = {http://adsabs.harvard.edu/abs/2007ApJ...667..448M},
  adsnote = {Provided by the SAO/NASA Astrophysics Data System}
}

@ARTICLE{boffetta,
   author = {{Boffetta}, G. and {Ecke}, R.~E.},
    title = "{Two-Dimensional Turbulence}",
  journal = {Annual Review of Fluid Mechanics},
     year = 2012,
    month = jan,
   volume = 44,
    pages = {427-451},
      doi = {10.1146/annurev-fluid-120710-101240},
   adsurl = {http://adsabs.harvard.edu/abs/2012AnRFM..44..427B},
  adsnote = {Provided by the SAO/NASA Astrophysics Data System}
}

@ARTICLE{theoastro,
   author = {{Bartelmann}, M.},
    title = "{Theoretical Astrophysics}",
     year = 1994,
    pages = {127-160},
}

@ARTICLE{stellarstruc,
   author = {{Kippenhahn}, R. and  {Weigert}, A. and {Weiss}, A.},
    title = "{Stellar Structure and Evolution}",
     year = 2012,
    pages = {47-52},
}

@ARTICLE{miczek,
   author = {{Miczek}, F.},
    title = "{Simulation of low Mach number astrophysical flow}",
     year = 2013,
    pages = {30-62},
}

@ARTICLE{coleman,
   author = {{Coleman}, G. and {Sandberg}, R.},
    title = "{A Primer on Direct Numerical Simulation of Turbulence- Methods, Procedures and Guidelines}",
     year = 2010,
    pages = {2-5},
}

@ARTICLE{stull,
   author = {{Stull}, R.},
    title = "{An Introduction to Boundary Layer Meteorology}",
     year = 1988,
    pages = {177-180},
}

@ARTICLE{richardson,
 author = {{Richardson}, L.},
   journal = {Quarterly Journal of the Royal Meteorological Society},
     year = 1922,
    month = jul,
   volume = 48,
    pages = {282-284},
      doi = {10.1002/qj.49704820311},
   adsurl = {http://adsabs.harvard.edu/abs/1922QJRMS..48..282.},
  adsnote = {Provided by the SAO/NASA Astrophysics Data System}
}

\end{thebibliography}
